    
@INPROCEEDINGS{7163021,
author={J. Bonneau and A. Miller and J. Clark and A. Narayanan and J. A. Kroll and E. W. Felten},
booktitle={2015 IEEE Symposium on Security and Privacy},
title={SoK: Research Perspectives and Challenges for Bitcoin and Cryptocurrencies},
year={2015},
volume={},
number={},
pages={104-121},
ISSN={1081-6011},
month={May},
}

@book{sommerville,
  author        = {Ian Sommerville},
  title         = {Software Engineering},
  publisher     = {Addison-Wesley},
  year          = {2011},
  pages={790},
  isbn={978-0-13-703515-1}
}

@electronic{bitcoin_energy,
organization = {\textit{Digiconomist}},
title = {Bitcoin Energy Consumption Index},
url = {https://digiconomist.net/bitcoin-energy-consumption#assumptions},
note = {[Accessed: Jul. 19, 2018]}
}
@electronic{tangle_picture,
title = {Illustration of the Tangle},
url = {https://www.iota.org/get-started/what-is-iota},
note = {[Accessed: Jul. 19, 2018]}
}

@electronic{eth2-0,
organization = {\textit{Cointelegraph}},
title = {Ethereum 2.0’s Phase Zero Scheduled to Launch on January 3},
url = {https://cointelegraph.com/news/ethereum-20s-phase-zero-scheduled-to-launch-on-january-3-2020-devs},
note = {[Accessed: Oct. 8, 2019]}
}

@electronic{altcoins,
organization = {\textit{Coinmarketcap}},
title = {CoinMarketCap},
url = {https://coinmarketcap.com/},
note = {[Accessed: Aug. 19, 2018]}
}

@electronic{bc_privado,
author = {Vitalik Buterin},
year = {2015},
month = {August},
organization = {\textit{Ethereum Blog}},
title = {On public and private Blockchains},
url = {https://blog.ethereum.org/2015/08/07/on-public-and-private-blockchains/.},
note = {[Accessed: Jul. 18, 2018]}
}

@electronic{bc_tarifas,
author = {Vitalik Buterin},
year = {2016},
month = {July},
organization = {\textit{Ethereum Blog}},
title = {On Inflation, Transaction Fees and Cryptocurrency Monetary Policy},
url = {https://blog.ethereum.org/2016/07/27/inflation-transaction-fees-cryptocurrency-monetary-policy/},
note = {[Accessed: Jul. 18, 2018]}
}

@electronic{crypto_sportz,
year = {2018},
month = {February},
organization = {\textit{Medium}},
title = {Building a Decentralized betting platform},
url = {https://medium.com/@cryptosportz/building-a-decentralized-betting-platform-development-update-feb-1-2018-c1fda8bbda2d},
note = {[Accessed: Jul. 19, 2018]}
}

@electronic{bitcoinmagazine,
organization = {\textit{Bitcoin Magazine}},
url = {https://bitcoinmagazine.com/authors/vitalik-buterin},
note = {[Accessed: Jul. 19, 2018]}
}

@electronic{etherscan,
organization = {\textit{Etherscan}},
title = {Ethereum BlockTime History},
url = {https://etherscan.io/chart/blocktime},
note = {[Accessed: Jul. 22, 2018]}
}

@electronic{buterin_interview,
author = {Kyle Torpey},
year = {2016},
month = {April},
organization = {\textit{Bitcoin Magazine}},
title = {Vitalik Buterin on His Long-Term Goals for Ethereum},
url = {https://bitcoinmagazine.com/articles/vitalik-buterin-on-his-long-term-goals-for-ethereum-1462381147/},
note = {[Accessed: Jul. 22, 2018]}
}

@electronic{multichain_whitepaper,
author = {Dr. Gideon Greenspan},
year = {2015},
month = {July},
organization = {\textit{Coin Sciences Ldt.}},
title = {MultiChain Private Blockchain — White Paper},
url = {https://www.multichain.com/white-paper/},
note = {[Accessed: Jul. 25, 2018]}
}

@electronic{eosio_tech_whitepaper,
author = {Daniel Larimer},
year = {2018},
month = {March},
organization = {\textit{block.one}},
title = {EOS.IO Technical White Paper v2},
url = {https://github.com/EOSIO/Documentation/blob/master/TechnicalWhitePaper.md},
note = {[Accessed: Aug. 28, 2018]}
}

@electronic{eosio_faq,
organization = {\textit{block.one}},
title = {EOS.IO FAQ},
url = {https://eos.io/faq},
note = {[Accessed: Aug. 28, 2018]}
}

@electronic{iota_article,
author = {Serguei Popov},
year = {2018},
month = {June},
organization = {\textit{IOTA Blog}},
title = {On the Tangle, White Papers, Proofs, Airplanes, and Local Modifiers},
url = {https://blog.iota.org/on-the-tangle-white-papers-proofs-airplanes-and-local-modifiers-44683aff8fea},
note = {[Accessed: Sept. 6, 2018]}
}

@electronic{iota_faq,
organization = {\textit{IOTA Foundation}},
title = {Common questions about the IOTA Protocol and Tangle},
url = {https://www.iota.org/get-started/faqs},
note = {[Accessed: Sept. 6, 2018]}
}

@electronic{qubic_roadmap,
organization = {\textit{IOTA Foundation}},
title = {Qubic Roadmap},
url = {https://qubic.iota.org/roadmap},
note = {[Accessed: Oct. 8, 2019]}
}

@inproceedings{Back2014EnablingBI,
title={Enabling Blockchain Innovations with Pegged Sidechains},
author={Adam Back and Matt Corallo and Luke Dashjr and Mark Friedenbach and Gregory Maxwell and Andrew Miller and Andrew Poelstra and Jorge Tim{\'o}n},
year={2014},
url = {https://pdfs.semanticscholar.org/1b23/cd2050d5000c05e1da3c9997b308ad5b7903.pdf},
note = {[Accessed: Sept. 10, 2018]}
}

@electronic{lisk_products,
organization = {\textit{Lisk Foundation}},
title = {Our Suite of Tools},
url = {https://lisk.io/products},
note = {[Accessed: Sept. 17, 2018]}
}

@electronic{lisk_consensus,
organization = {\textit{Lisk Foundation}},
title = {Lisk's Consensus Algorithm},
url = {https://lisk.io/productshttps://lisk.io/products},
note = {[Accessed: Sept. 17, 2018]}
}

@electronic{lisk_transactions,
organization = {\textit{Lisk Foundation}},
title = {Lisk Transactions},
url = {https://lisk.io/documentation/lisk-protocol/transactions},
note = {[Accessed: Sept. 17, 2018]}
}

@electronic{hyperledger_foundation,
organization = {\textit{The Linux Foundation}},
title = {Linux Foundation Unites Industry Leaders to Advance Blockchain Technology},
url = {https://www.linuxfoundation.org/press-release/2015/12/linux-foundation-unites-industry-leaders-to-advance-blockchain-technology/#.WZ8FmCiG},
year = {2015},
month = {December},
note = {[Accessed: Sept. 17, 2018]}
}

@electronic{hlf_release,
organization = {\textit{The Linux Foundation Projects}},
title = {Hyperledger Fabric 1.0 is Released!},
url = {https://www.hyperledger.org/blog/2017/07/11/hyperledger-fabric-1-0-is-released},
year = {2017},
month = {July},
note = {[Accessed: Sept. 17, 2018]}
}

@online{hl-projects,
title = {Hyperledger Projects},
url = {https://www.hyperledger.org/projects},
note = {[Accessed: Sept. 17, 2018]}
}

@electronic{hlf-peers,
title = {Hyperledger Fabric Illustrations},
url = {https://hyperledger-fabric.readthedocs.io/en/release-1.4/peers/peers.html},
note = {[Accessed: August 8, 2019]}
}

@online{hlf-ledger,
title = {Hyperledger Fabric Illustrations},
url = {https://hyperledger-fabric.readthedocs.io/en/release-1.4/ledger/ledger.html},
note = {[Accessed: August 12, 2019]}
}

@electronic{what-is-ionic,
title = {Ionic Stack},
url = {https://ionicframework.com/what-is-ionic},
note = {[Accessed: August 29, 2019]}
}

@electronic{nist,
title = {DHS Science and Technology Directorate Flowchart},
url = {https://nvlpubs.nist.gov/nistpubs/ir/2018/NIST.IR.8202.pdf},
note = {[Accessed: December 14, 2018]}
}


@electronic{hlf_sdks,
organization = {\textit{Hyperledger Fabric Documentation}},
title = {Hyperledger Fabric SDKs},
url = {https://hyperledger-fabric.readthedocs.io/en/latest/getting_started.html},
note = {[Accessed: July 7, 2019]}
}


@electronic{hlf_whatis,
title = {Hyperledger Fabric Documentation: Introduction},
url = {https://hyperledger-fabric.readthedocs.io/en/release-1.2/whatis.html},
note = {[Accessed: Sept. 17, 2018]}
}

@electronic{hls_whatis,
title = {Hyperledger Sawtooth Documentation: Introduction},
url = {https://sawtooth.hyperledger.org/docs/core/releases/1.0/introduction.html},
note = {[Accessed: Sept. 17, 2018]}
}

@electronic{hls_release,
organization = {\textit{The Linux Foundation Projects}},
title = {Hyperledger Releases Hyperledger Sawtooth 1.0},
url = {https://www.hyperledger.org/announcements/2018/01/30/hyperledger-releases-hyperledger-sawtooth-1-0},
year = {2018},
month = {January},
note = {[Accessed: Sept. 17, 2018]}
}

@electronic{raft_algorithm,
title = {The Raft consensus algorithm},
url = {https://raft.github.io/},
note = {[Accessed: Oct. 10, 2019]}
}

@article{DBLP:journals/corr/BentovGM14,
author    = {Iddo Bentov and
              Ariel Gabizon and
              Alex Mizrahi},
title     = {Cryptocurrencies without Proof of Work},
journal   = {CoRR},
volume    = {abs/1406.5694},
year      = {2014},
url       = {http://arxiv.org/abs/1406.5694},
archivePrefix = {arXiv},
eprint    = {1406.5694},
timestamp = {Mon, 13 Aug 2018 16:47:59 +0200},
biburl    = {https://dblp.org/rec/bib/journals/corr/BentovGM14},
bibsource = {dblp computer science bibliography, https://dblp.org},
note = {[Accessed: Jul. 19, 2018]}
}

@inproceedings{paper_montes,
author    = {Miguel Montes},
title     = {Verificación de actas y certificados usando una red blockchain},
booktitle   = {6to CONGRESO NACIONAL DE INGENIERÍA EN INFORMÁTICA/SISTEMAS DE INFORMACIÓN},
volume    = {Publicación on line - ISSN 2347-0372},
year      = {2018},
url       = {https://www.conaiisi2018mdp.org/memorias/memorias.html#},
note = {[Accessed: Oct. 14, 2019]}
}

@electronic{youtube_lisk,
title = {\textit{What is Lisk? Max Kordek Exclusive Interview}},
year = {2018},
month = {April},
organization = {Youtube},
author = {\relax{Ivan on Tech}},
url = {https://www.youtube.com/watch?v=G4zc41v1JWU},
note = {[Accessed: Sept. 17, 2018]}
}
